@article{ram28,
  author =       "{Chandrasekhara Venkata Raman, Kariamanikkam Srinivasa Krishnan}",
  title =        "{A New Type of Secondary Radiation}",
  journal =      "Nature",
  volume =       "121",
  number =       "3048",
  pages =        "501-502",
  year =         "1928",
  DOI =          "https://doi.org/10.1038/121501c0",
  keywords =     "physics"
}
@book{RSAA,
  title={Raman Spectroscopy: Advances and Applications},
  author={Dheeraj Kumar Singh et al.},
  isbn={9789819717026},
  series={Springer Series in Optical Sciences},
  year={2024},
  publisher={Springer Singapore},
  keywords = {physics}
}
@online{brittanica,
    author    = "Gerald D. Mahan",
    title     = "Crystal",
    url       = "https://www.britannica.com/science/crystal",
    addendum = "(accessed: 22.11.2024)",
    keywords  = "crystal"
}
@online{semiconductors,
    author    = "Maximilian Ries, Fabian Heisinger, Thermo Fisher and Scientific GmbH",
    title     = "Using Raman spectroscopy to determine the strain in
semiconductor samples",
    url       = "https://assets.thermofisher.com/TFS-Assets/CAD/Application-Notes/using-raman-spectroscopy-strain-semiconductor-samples-an1023-en.pdf",
    addendum = "(accessed: 28.11.2024)",
    keywords  = "semiconductors"
}
@article{clinmed,
  author =       "{Yaping Qi, Esther Xinyi Chen, Dan Hu, Ying Yang, Zhenping Wu, Ming Zheng, Mohammad A. Sadi, Yucheng Jiang, Kang Zhang, Zi Chen, Yong P. Chen}",
  title =        "{Applications of Raman spectroscopy in clinical medicine}",
  journal =      "Food Frontiers",
  volume =       "5",
  number =       "2",
  pages =        "392-419",
  year =         "2024",
  DOI =          "https://doi.org/10.1002/fft2.335",
  keywords =     "med"
}
@online{pharma,
    author    = "Horiba Scientific",
    title     = "Raman spectroscopy for pharmaceutical",
    url       = "https://www.horiba.com/int/scientific/products/raman-imaging-and-spectrometers/raman-application-corner/raman-spectroscopy-for-pharmaceutical/#:~:text=Raman%20spectroscopy%20plays%20a%20crucial,forms%2C%20and%20analyze%20drug%20formulations.",
    addendum = "(accessed: 02.12.2024)",
    keywords  = "pharma"
}

@article{npj,
  author =       "{Katherine J. I. Ember, Marieke A. Hoeve, Sarah L. McAughtrie, Mads S. Bergholt, Benjamin J. Dwyer, Molly M. Stevens, Karen Faulds, Stuart J. Forbes, Colin J. Campbell}",
  title =        "{Raman spectroscopy and regenerative medicine: a review}",
  journal =      "npj Regenerative Medicine",
  volume =       "2",
  number =       "12",
  year =         "2017",
  DOI =          "https://doi.org/10.1038/s41536-017-0014-3",
  keywords =     "med"
}
@article{micropl,
    author ="Liu, Kaili and Pang, Xu and Chen, Huacai and Jiang, Li",
    title  ="Visual detection of microplastics using Raman spectroscopic imaging",
    journal  ="Analyst",
    year  ="2024",
    volume  ="149",
    issue  ="1",
    pages  ="161-168",
    publisher  ="The Royal Society of Chemistry",
    doi  ="10.1039/D3AN01270K",
    keywords  ="microplastic"
}
@online{wikilaser,
    title     = "Laser",
    url       = "https://en.wikipedia.org/wiki/Laser",
    addendum = "(accessed: 05.12.2024)",
    keywords  = "laser"
}
@online{wikistimlaser,
    title     = "Stimulated emission",
    url       = "https://en.wikipedia.org/wiki/Stimulated_emission",
    addendum = "(accessed: 05.12.2024)",
    keywords  = "laser"
}
@online{wikigrating,
    title     = "Diffraction Grating",
    url       = "https://en.wikipedia.org/wiki/Diffraction_grating",
    addendum = "(accessed: 09.12.2024)",
    keywords  = "grating"
}
@online{wikioptspec,
    title     = "Optical Spectrometer",
    url       = "https://en.wikipedia.org/wiki/Optical_spectrometer",
    addendum = "(accessed: 10.12.2024)",
    keywords  = "optical spectrometer"
}
@online{spectrap,
    title     = "Polymer Analysis using Raman Spectroscopy",
    url       = "https://physicsopenlab.org/2022/05/08/polymer-analysis-using-raman-spectroscopy/",
    addendum = "(accessed: 12.12.2024)",
    keywords  = "spectra"
}
@online{spectrumdcm,
    title     = "Raman Spectroscopy of Organic and Inorganic Molecules",
    url       = "https://physicsopenlab.org/2022/01/11/raman-spectroscopy-of-organic-and-inorganic-molecules/",
    addendum = "(accessed: 16.12.2024)",
    keywords  = "spectra"
}
@article{cs2,
    author ="Valeria Vento, Santiago Tarrago Velez, Anna Pogrebna, Christophe Galland",
    title  ="Measurement-induced collective vibrational quantum coherence under spontaneous Raman scattering in a liquid",
    journal  ="Nature Communications",
    year  ="2023",
    volume  ="14",
    issue  ="2818",
    doi  ="https://doi.org/10.1038/s41467-023-38483-9",
    keywords  ="cs2"
}
@online{spectrumeth,
    title     = "Raman Spectroscopy of Alcoholic Molecules",
    url       = "https://physicsopenlab.org/2022/01/20/raman-spectra-of-alcoholic-molecules/",
    addendum = "(accessed: 16.12.2024)",
    keywords  = "spectra"
}